@article{sub_verif_plan,
    author = {Noah M. Kennedy and Wallace Watler and Cody Netthesheim},
    title = {Monkey Software Subsystem Testing and Verification},
    journal = {Journal of Cool Robots},
    year = {2021},
}

@misc{wireshark,
    title = {{Wireshark} Home Page},
    howpublished = {\url{https://www.wireshark.org/}},
    note = {Accessed: 2021-02-12},
}