@article{sub_verif_plan,
    author = {Noah M. Kennedy and Wallace Watler and Cody Netthesheim},
    title = {Monkey Software Subsystem Testing and Verification},
    journal = {Journal of Cool Robots},
    year = {2021},
}