@manual{nasa-comp-2021,
    title = {NASA Robotic Mining Competition Lunabotics 2021 Registration, Rules, and Rubrics},
    author = {NASA},
    url = {https://www.nasa.gov/sites/default/files/atoms/files/000_rmc_lunabotics_rules_rubrics_2021.pdf},
}